<record><leader>00000cas a22000007a 4500</leader><controlfield tag="001">10589292</controlfield><controlfield tag="008">840403d18691870ohusr ne      0    0eng d</controlfield><datafield ind1=" " ind2=" " tag="010"><subfield code="a">sn 84028221 </subfield></datafield><datafield ind1=" " ind2=" " tag="040"><subfield code="a">NPY</subfield><subfield code="b">eng</subfield><subfield code="c">NPY</subfield><subfield code="d">ONP</subfield><subfield code="d">OCLCQ</subfield></datafield><datafield ind1=" " ind2=" " tag="042"><subfield code="a">msc</subfield></datafield><datafield ind1="0" ind2=" " tag="130"><subfield code="a">Willoughby gazette (Willoughby, Ohio : 1869)</subfield></datafield><datafield ind1="1" ind2="0" tag="245"><subfield code="a">Willoughby gazette.</subfield></datafield><datafield ind1="1" ind2="3" tag="246"><subfield code="a">Gazette</subfield></datafield><datafield ind1=" " ind2=" " tag="260"><subfield code="a">Willoughby, O. [Ohio] :</subfield><subfield code="b">J.B. Brown,</subfield><subfield code="c">1869-</subfield></datafield><datafield ind1=" " ind2=" " tag="300"><subfield code="a">v.</subfield></datafield><datafield ind1=" " ind2=" " tag="310"><subfield code="a">Semimonthly</subfield></datafield><datafield ind1="0" ind2=" " tag="362"><subfield code="a">Vol. 1, no. 14 (June 1, 1869)-</subfield></datafield><datafield ind1=" " ind2=" " tag="580"><subfield code="a">In 1875, Brown began another paper with the same title.</subfield></datafield><datafield ind1=" " ind2="4" tag="651"><subfield code="a">Willoughby (Ohio)</subfield><subfield code="v">Newspapers.</subfield></datafield><datafield ind1=" " ind2="4" tag="651"><subfield code="a">Lake County (Ohio)</subfield><subfield code="v">Newspapers.</subfield></datafield><datafield ind1=" " ind2=" " tag="752"><subfield code="a">United States</subfield><subfield code="b">Ohio</subfield><subfield code="c">Lake</subfield><subfield code="d">Willoughby.</subfield></datafield><datafield ind1="0" ind2="0" tag="780"><subfield code="a">Gazette (Willoughby, Ohio : 1868)</subfield><subfield code="w">(DLC)sn 90068514</subfield></datafield><datafield ind1="1" ind2=" " tag="787"><subfield code="t">Willoughby gazette (Willoughby, Ohio : 1875)</subfield><subfield code="w">(DLC)sn 84028222</subfield></datafield></record>